@article{greenwade93,
    author  = "Rishabh Kaushal",
    title   = "{I}mproving {S}pam {D}etection in {O}nline {S}ocial {N}etworks",
    year    = "2015",
    journal = "2015 International Conference on Cognitive Computing and Information Processing(CCIP)",
    number  = "6",
    pages   = "3--5"
}
